[gd_scene load_steps=13 format=3 uid="uid://dupj4t3fpvhv1"]

[ext_resource type="Script" path="res://timer_display/timer_displayer.gd" id="1_ea8bu"]
[ext_resource type="Resource" uid="uid://cqe3pxwmxfjys" path="res://resources/events/symbolsStartTimer.tres" id="2_4w632"]
[ext_resource type="Resource" uid="uid://dtqhfych1kirv" path="res://resources/events/symbolsTimerTimeout.tres" id="3_vds0u"]

[sub_resource type="Shader" id="Shader_ftxcl"]
code = "// NOTE: Shader automatically converted from Godot Engine 4.2.1.stable's StandardMaterial3D.

shader_type spatial;
render_mode blend_mix,depth_draw_opaque,cull_back,diffuse_burley,specular_schlick_ggx;
uniform vec4 albedo : source_color;
uniform sampler2D texture_albedo : source_color,filter_linear_mipmap,repeat_enable;
uniform float point_size : hint_range(0,128);
uniform float roughness : hint_range(0,1);
uniform sampler2D texture_metallic : hint_default_white,filter_linear_mipmap,repeat_enable;
uniform vec4 metallic_texture_channel;
uniform sampler2D texture_roughness : hint_roughness_r,filter_linear_mipmap,repeat_enable;
uniform float specular;
uniform float metallic;


//programatically change this if you want to, remove the progress based on time.
uniform float progress : hint_range(-1.0,2.0) = 0.0;
//the width of the burn area, higher values makes the burn wider, 1 makes the burn cover the whole sprite
uniform float width : hint_range(0.0,2.0) = .2;

//Noise to sample from for the burning
uniform sampler2D noise;
//colors to use for the burn color, the progress of the burn goes left to right
uniform sampler2D colorCurve;

//make this timed or not, if not timed, you must programatically set the burn (such as with a lerp)
uniform bool timed = true;
//speed of the burn
uniform float speed : hint_range(0.0,1.0) = 1.0;
//hacky way to make this angled, far from perfect. 1.0 is right to left. 0 is bottom to top. outside
//that range is wierd.
uniform float angle = 1.0;

float inverse_lerp(float a, float b, float v){
	//return (v-a)/(b-a);
	return (v-a)/(b-a);
}

void fragment() {
	float burn_progress;
	if(timed){
		burn_progress = (fract(TIME * speed / 2.0) * 2.0);
	}else{
		burn_progress = progress;
	}
	float noise_value = texture(noise,UV).x;
	float mask = inverse_lerp(1.0 - burn_progress,(1.0 + width) - burn_progress, (UV.x * angle + UV.y * (1.0-angle)));
	float value = clamp(mask + noise_value,0.0,1.0);
	vec4 curve_value = texture(colorCurve,vec2(value));
	vec4 albedo_tex = texture(texture_albedo,UV);
	ALBEDO = mix(albedo_tex, curve_value, value).rgb;
	float alpha = mix(albedo_tex.a, curve_value.a, value);
	ALPHA = min(albedo_tex.a,alpha);
}
"

[sub_resource type="Gradient" id="Gradient_6jh0k"]
colors = PackedColorArray(0, 0, 0, 1, 1, 1, 1, 0)

[sub_resource type="GradientTexture1D" id="GradientTexture1D_ib3f5"]
gradient = SubResource("Gradient_6jh0k")

[sub_resource type="FastNoiseLite" id="FastNoiseLite_5a07r"]

[sub_resource type="NoiseTexture2D" id="NoiseTexture2D_el644"]
noise = SubResource("FastNoiseLite_5a07r")

[sub_resource type="Gradient" id="Gradient_ibnn7"]
offsets = PackedFloat32Array(0, 0.988067)
colors = PackedColorArray(1, 0.717647, 0.301961, 1, 0.645094, 0.399642, 9.62615e-08, 1)

[sub_resource type="GradientTexture1D" id="GradientTexture1D_wxnc1"]
gradient = SubResource("Gradient_ibnn7")

[sub_resource type="ShaderMaterial" id="ShaderMaterial_frfsq"]
render_priority = 0
shader = SubResource("Shader_ftxcl")
shader_parameter/albedo = Color(0.843137, 0, 0.0509804, 1)
shader_parameter/point_size = 1.0
shader_parameter/roughness = 1.0
shader_parameter/metallic_texture_channel = null
shader_parameter/specular = 0.5
shader_parameter/metallic = 0.0
shader_parameter/progress = 0.5
shader_parameter/width = 0.02
shader_parameter/timed = false
shader_parameter/speed = 1.0
shader_parameter/angle = 1.0
shader_parameter/texture_albedo = SubResource("GradientTexture1D_wxnc1")
shader_parameter/noise = SubResource("NoiseTexture2D_el644")
shader_parameter/colorCurve = SubResource("GradientTexture1D_ib3f5")

[sub_resource type="QuadMesh" id="QuadMesh_pa422"]
material = SubResource("ShaderMaterial_frfsq")
size = Vector2(4, 0.15)

[node name="TimerDisplay" type="Node3D"]

[node name="MeshInstance3D2" type="MeshInstance3D" parent="."]
transform = Transform3D(-1, 0, 0, 0, 1, 0, 0, 0, 1, 0, 0, 0)
mesh = SubResource("QuadMesh_pa422")

[node name="Timer" type="Timer" parent="."]

[node name="TimerDisplayer" type="Node" parent="." node_paths=PackedStringArray("timer", "display")]
script = ExtResource("1_ea8bu")
timer = NodePath("../Timer")
display = NodePath("../MeshInstance3D2")
symbols_start_timer_event = ExtResource("2_4w632")
symbols_timer_timeout_event = ExtResource("3_vds0u")
