[gd_scene load_steps=23 format=3 uid="uid://bw1wuim3w1sqh"]

[ext_resource type="Script" path="res://manager/manager_talk.gd" id="1_1vifw"]
[ext_resource type="PackedScene" uid="uid://bmvijlmjyuy15" path="res://scenes/prefab/master_anim.tscn" id="1_ny2xg"]
[ext_resource type="Texture2D" uid="uid://gaobng5dlxo1" path="res://manager/dialog_background.png" id="3_1662y"]
[ext_resource type="PackedScene" uid="uid://bqax41f5jienu" path="res://scenes/prefab/master_events.tscn" id="4_40mrn"]
[ext_resource type="FontFile" uid="uid://bsc7ekx514h17" path="res://fonts/MorrisRomanBlack.ttf" id="4_a15bm"]
[ext_resource type="Material" uid="uid://brbagoi5aq17e" path="res://manager/blinking_shader_material.tres" id="4_lel2y"]
[ext_resource type="Texture2D" uid="uid://bj8ctkuhf8hnf" path="res://manager/arrow_down.png" id="5_qgdj1"]
[ext_resource type="AudioStream" uid="uid://pycu4f1i8cr7" path="res://audio/talk.mp3" id="6_ejtwu"]
[ext_resource type="Resource" path="res://resources/events/masterStartTalking.tres" id="7_agaf1"]
[ext_resource type="Script" path="res://scripts/story_flow/events_handler/go_to_position.gd" id="8_15w82"]
[ext_resource type="Resource" path="res://resources/events/masterStopTalking.tres" id="8_xa8fd"]
[ext_resource type="Resource" uid="uid://hire6kjxgd24" path="res://resources/story/generated_events/masterComes.tres" id="9_5yaqy"]
[ext_resource type="Resource" uid="uid://cedidl8dnp5a1" path="res://resources/events/customBubbleNodePos.tres" id="10_37yct"]
[ext_resource type="AudioStream" uid="uid://k3yj2ss3nkgr" path="res://audio/talk2.mp3" id="10_abpik"]
[ext_resource type="Resource" uid="uid://bomm5jwe512ok" path="res://resources/story/generated_events/masterLeaves.tres" id="10_dcfkh"]
[ext_resource type="AudioStream" uid="uid://cefityectuvbx" path="res://audio/talk3.mp3" id="11_7pymx"]
[ext_resource type="AudioStream" uid="uid://c8mfv1j4jalj0" path="res://audio/talk4.mp3" id="12_ko6sn"]
[ext_resource type="Resource" uid="uid://cffp0adclk36i" path="res://resources/story/generated_events/masterSetAnim.tres" id="13_6wxaq"]
[ext_resource type="Resource" uid="uid://c3evkewhed16" path="res://resources/story/generated_events/changeSpeaker.tres" id="15_fqtct"]

[sub_resource type="ViewportTexture" id="ViewportTexture_kpe2i"]
viewport_path = NodePath("SubViewport")

[sub_resource type="BoxShape3D" id="BoxShape3D_sb6tu"]
size = Vector3(7.02698, 8.47107, 1)

[sub_resource type="StyleBoxTexture" id="StyleBoxTexture_qj4sv"]
texture = ExtResource("3_1662y")
texture_margin_left = 40.0
texture_margin_top = 34.0
texture_margin_right = 40.0
texture_margin_bottom = 34.0

[node name="Manager" type="Node3D"]

[node name="Bubble" type="Sprite3D" parent="."]
transform = Transform3D(1, 0, 0, 0, 1, 0, 0, 0, 1, 1.40734, 3.8959, 0.359521)
pixel_size = 0.006
billboard = 1
texture_filter = 0
texture = SubResource("ViewportTexture_kpe2i")

[node name="ClickArea3D" type="Area3D" parent="Bubble"]
transform = Transform3D(1, 0, 0, 0, 1, 0, 0, 0, 1, -0.528857, -1.69501, 0)

[node name="CollisionShape3D" type="CollisionShape3D" parent="Bubble/ClickArea3D"]
transform = Transform3D(1, 0, 0, 0, 1, 0, 0, 0, 1, 1.74884, 1.7038, 0)
shape = SubResource("BoxShape3D_sb6tu")

[node name="MasterAnim" parent="." instance=ExtResource("1_ny2xg")]
transform = Transform3D(1, 0, 0, 0, 1, 0, 0, 0, 1, -2.13805, -0.30628, -2.5752)
visible = false

[node name="Skeleton3D" parent="MasterAnim/RootNode" index="1"]
bones/1/position = Vector3(0.548933, 1.01739e-17, 7.07528e-17)
bones/1/rotation = Quaternion(-6.12323e-17, -6.12323e-17, 1.07775e-33, 1)
bones/2/rotation = Quaternion(-6.12323e-17, -6.12323e-17, 3.23326e-33, 1)
bones/3/rotation = Quaternion(-6.12323e-17, -6.12323e-17, 2.71712e-33, 1)
bones/8/position = Vector3(0.330727, 2.49587e-16, -0.0646321)
bones/9/position = Vector3(0.330727, 2.25523e-16, -0.0919116)
bones/10/position = Vector3(0.330727, 2.25523e-16, -0.0919116)
bones/11/position = Vector3(0.330727, 2.25523e-16, -0.0919116)
bones/12/position = Vector3(0.330727, 2.25523e-16, -0.0919116)
bones/13/position = Vector3(0.330727, 2.25523e-16, -0.0919118)
bones/14/position = Vector3(0.330727, 2.54486e-16, -0.330556)
bones/15/rotation = Quaternion(-0.105983, 0.0294763, 0.926749, -0.359215)
bones/16/rotation = Quaternion(0.617965, -0.777319, 0.00298923, 0.11784)
bones/17/rotation = Quaternion(0.518804, 0.84255, 0.133307, -0.0563977)
bones/18/rotation = Quaternion(0.921341, -0.371178, 0.111924, -0.0288269)
bones/19/rotation = Quaternion(-0.607284, 0.784458, 0.00505404, -0.12572)
bones/20/rotation = Quaternion(0.515876, 0.841331, 0.148887, -0.0621845)
bones/21/rotation = Quaternion(-0.10213, -0.161669, 0.978937, -0.0715135)
bones/22/rotation = Quaternion(0.967691, -0.165604, 0.189777, 0.0116213)
bones/24/rotation = Quaternion(0.980243, -0.0688922, 0.102605, 0.154435)
bones/25/rotation = Quaternion(0.967909, -0.162656, 0.191279, 0.0103635)

[node name="Hips_ctrl" parent="MasterAnim/RootNode/Master_ctrl" index="0"]
transform = Transform3D(1, 0, 0, 0, 1, 0, 0, 0, 1, 0, -0.0314446, 0)

[node name="Hand_L_ctrl" parent="MasterAnim/RootNode/Master_ctrl" index="1"]
transform = Transform3D(1, 0, 0, 0, 1, 0, 0, 0, 1, 0, 0.131154, 0)

[node name="Hand_R_ctrl" parent="MasterAnim/RootNode/Master_ctrl" index="2"]
transform = Transform3D(1, 0, 0, 0, 1, 0, 0, 0, 1, 0, 0.131154, 0)

[node name="SubViewport" type="SubViewport" parent="."]
transparent_bg = true
msaa_3d = 1
canvas_item_default_texture_filter = 0
gui_embed_subwindows = true
size = Vector2i(886, 512)

[node name="GUI" type="Control" parent="."]
texture_filter = 1
custom_minimum_size = Vector2(512, 512)
layout_mode = 3
anchors_preset = 0
offset_right = 886.0
offset_bottom = 512.0
mouse_filter = 1

[node name="PanelContainer" type="PanelContainer" parent="GUI"]
layout_mode = 1
anchors_preset = -1
anchor_top = 1.0
anchor_right = 1.0
anchor_bottom = 1.0
grow_vertical = 0
theme_override_styles/panel = SubResource("StyleBoxTexture_qj4sv")

[node name="RichTextLabel" type="RichTextLabel" parent="GUI/PanelContainer"]
layout_mode = 2
theme_override_colors/default_color = Color(0.380392, 0.219608, 0.0980392, 1)
theme_override_fonts/normal_font = ExtResource("4_a15bm")
theme_override_font_sizes/normal_font_size = 64
bbcode_enabled = true
fit_content = true
visible_characters_behavior = 1

[node name="BlinkingPointer" type="TextureRect" parent="GUI"]
material = ExtResource("4_lel2y")
layout_mode = 2
offset_left = 425.485
offset_top = 465.895
offset_right = 489.485
offset_bottom = 529.897
scale = Vector2(1.01445, 1)
texture = ExtResource("5_qgdj1")
expand_mode = 1
stretch_mode = 4

[node name="KeyLabel" type="Label" parent="GUI/BlinkingPointer"]
visible = false
layout_mode = 0
offset_left = 5.0
offset_top = -38.0
offset_right = 70.0
offset_bottom = 7.0
theme_override_colors/font_color = Color(1, 1, 1, 1)
theme_override_font_sizes/font_size = 32
text = "A"

[node name="TalkAudioStreamPlayer3D" type="AudioStreamPlayer3D" parent="."]
stream = ExtResource("6_ejtwu")

[node name="AudioStreamPlayer3D" type="AudioStreamPlayer3D" parent="."]

[node name="ManagerTalk" type="Node" parent="." node_paths=PackedStringArray("ui_root", "subviewport", "rich_text_label", "audio_player", "manager_node", "bubble_node", "click_area_3d", "blinking_pointer", "key_label", "talk_audio_player")]
script = ExtResource("1_1vifw")
ui_root = NodePath("../GUI")
subviewport = NodePath("../SubViewport")
rich_text_label = NodePath("../GUI/PanelContainer/RichTextLabel")
audio_player = NodePath("../AudioStreamPlayer3D")
manager_node = NodePath("../MasterAnim")
bubble_node = NodePath("../Bubble")
click_area_3d = NodePath("../Bubble/ClickArea3D")
blinking_pointer = NodePath("../GUI/BlinkingPointer")
key_label = NodePath("../GUI/BlinkingPointer/KeyLabel")
start_talking = ExtResource("7_agaf1")
stop_talking = ExtResource("8_xa8fd")
custom_pos_event = ExtResource("10_37yct")
talk_audio_samples = Array[AudioStream]([ExtResource("6_ejtwu"), ExtResource("10_abpik"), ExtResource("11_7pymx"), ExtResource("12_ko6sn")])
talk_audio_player = NodePath("../TalkAudioStreamPlayer3D")
set_anim_event = ExtResource("13_6wxaq")
change_speaker_event = ExtResource("15_fqtct")

[node name="MasterEvents" parent="." instance=ExtResource("4_40mrn")]

[node name="LookAt" parent="MasterEvents" index="0" node_paths=PackedStringArray("master_root")]
master_root = NodePath("../../MasterAnim")

[node name="MasterCome" parent="MasterEvents" index="1" node_paths=PackedStringArray("target", "animation_player", "visual")]
script = ExtResource("8_15w82")
target = NodePath("../../PositionInsideScreen2")
animation_player = NodePath("../../MasterAnim/AnimationPlayer")
visual = NodePath("../../MasterAnim")
speed = 5.0
event = ExtResource("9_5yaqy")

[node name="MasterLeave" parent="MasterEvents" index="2" node_paths=PackedStringArray("target", "animation_player", "visual")]
script = ExtResource("8_15w82")
target = NodePath("../../PositionOutsideScreen")
animation_player = NodePath("../../MasterAnim/AnimationPlayer")
visual = NodePath("../../MasterAnim")
speed = 5.0
event = ExtResource("10_dcfkh")

[node name="PositionOutsideScreen" type="Node3D" parent="."]
transform = Transform3D(-0.7544, 0, -0.656414, 0, 1, 0, 0.656414, 0, -0.7544, -2.22618, -4.76837e-07, -2.25671)

[node name="PositionInsideScreen2" type="Node3D" parent="."]

[editable path="MasterAnim"]
[editable path="MasterEvents"]
