[gd_scene load_steps=11 format=3 uid="uid://cyl1xnov0si2d"]

[ext_resource type="Script" path="res://main_menu/main_menu.gd" id="1_mfju0"]
[ext_resource type="PackedScene" uid="uid://dvl383ispakmn" path="res://gui_3d/gui_panel_3d.tscn" id="2_msvar"]
[ext_resource type="Material" uid="uid://b54sr8nnd5vmc" path="res://fader/fader_material.tres" id="2_ta0m3"]
[ext_resource type="PackedScene" uid="uid://e73162miaa1c" path="res://main_menu/credits/button_3d.tscn" id="3_0uoei"]
[ext_resource type="Script" path="res://fader/fader.gd" id="3_ayjds"]

[sub_resource type="Animation" id="Animation_vh2uh"]
length = 0.001
tracks/0/type = "position_3d"
tracks/0/imported = false
tracks/0/enabled = true
tracks/0/path = NodePath("Camera3D")
tracks/0/interp = 1
tracks/0/loop_wrap = true
tracks/0/keys = PackedFloat32Array(0, 1, -0.128237, 0.240051, 1.23294)
tracks/1/type = "rotation_3d"
tracks/1/imported = false
tracks/1/enabled = true
tracks/1/path = NodePath("Camera3D")
tracks/1/interp = 1
tracks/1/loop_wrap = true
tracks/1/keys = PackedFloat32Array(0, 1, -0.124523, 0.111434, 0.0140754, 0.985839)

[sub_resource type="Animation" id="Animation_f8beg"]
resource_name = "credits_to_main"
length = 2.0
tracks/0/type = "position_3d"
tracks/0/imported = false
tracks/0/enabled = true
tracks/0/path = NodePath("Camera3D")
tracks/0/interp = 2
tracks/0/loop_wrap = true
tracks/0/keys = PackedFloat32Array(0, 1, 0.913299, -0.393069, 1.09037, 0.5, 1, 0.473961, -0.141105, 1.3718, 2, 1, -0.128237, 0.240051, 1.23294)
tracks/1/type = "rotation_3d"
tracks/1/imported = false
tracks/1/enabled = true
tracks/1/path = NodePath("Camera3D")
tracks/1/interp = 2
tracks/1/loop_wrap = true
tracks/1/keys = PackedFloat32Array(0, 1, 0.217229, -0.0264192, 0.00588169, 0.975745, 0.5, 1, 0.0614691, -0.122517, 0.00760296, 0.990532, 2, 1, -0.124523, 0.111434, 0.0140754, 0.985839)

[sub_resource type="Animation" id="Animation_umiy6"]
resource_name = "main_to_credits"
length = 2.0
tracks/0/type = "position_3d"
tracks/0/imported = false
tracks/0/enabled = true
tracks/0/path = NodePath("Camera3D")
tracks/0/interp = 2
tracks/0/loop_wrap = true
tracks/0/keys = PackedFloat32Array(0, 1, -0.128237, 0.240051, 1.23294, 1, 1, 0.773048, 0.0630833, 1.16784, 2, 1, 0.913299, -0.393069, 1.09037)
tracks/1/type = "rotation_3d"
tracks/1/imported = false
tracks/1/enabled = true
tracks/1/path = NodePath("Camera3D")
tracks/1/interp = 2
tracks/1/loop_wrap = true
tracks/1/keys = PackedFloat32Array(0, 1, -0.124523, 0.111434, 0.0140754, 0.985839, 1, 1, -0.0197307, 0.332895, 0.00696725, 0.942732, 2, 1, 0.217229, -0.0264192, 0.00588169, 0.975745)

[sub_resource type="AnimationLibrary" id="AnimationLibrary_ic4p8"]
_data = {
"RESET": SubResource("Animation_vh2uh"),
"credits_to_main": SubResource("Animation_f8beg"),
"main_to_credits": SubResource("Animation_umiy6")
}

[sub_resource type="BoxMesh" id="BoxMesh_ljpkk"]

[node name="Node3D" type="Node3D"]
script = ExtResource("1_mfju0")

[node name="Panel" type="Panel" parent="."]
material = ExtResource("2_ta0m3")
anchors_preset = 15
anchor_right = 1.0
anchor_bottom = 1.0
grow_horizontal = 2
grow_vertical = 2
mouse_filter = 1
script = ExtResource("3_ayjds")

[node name="CameraTransitions" type="AnimationPlayer" parent="."]
libraries = {
"": SubResource("AnimationLibrary_ic4p8")
}

[node name="Camera3D" type="Camera3D" parent="."]
transform = Transform3D(0.974769, -0.0555043, 0.216206, -3.35276e-08, 0.968592, 0.248656, -0.223217, -0.242382, 0.944153, -0.128237, 0.240051, 1.23294)

[node name="MeshInstance3D" type="MeshInstance3D" parent="."]
transform = Transform3D(1, 0, 0, 0, 1, 0, 0, 0, 1, 0.910407, 0, -0.018271)
mesh = SubResource("BoxMesh_ljpkk")

[node name="MeshInstance3D2" type="MeshInstance3D" parent="."]
transform = Transform3D(1, 0, 0, 0, 1, 0, 0, 0, 1, -0.359519, 0, -0.018271)
mesh = SubResource("BoxMesh_ljpkk")

[node name="MeshInstance3D3" type="MeshInstance3D" parent="."]
transform = Transform3D(1, 0, 0, 0, 1, 0, 0, 0, 1, -1.73292, 0, -0.018271)
mesh = SubResource("BoxMesh_ljpkk")

[node name="DirectionalLight3D" type="DirectionalLight3D" parent="."]
transform = Transform3D(-0.574485, -0.579126, -0.578429, 2.84875e-05, -0.706695, 0.707519, -0.818515, 0.406442, 0.406002, 0, 3.51321, 0)

[node name="Control" type="Control" parent="."]
layout_mode = 3
anchors_preset = 0
offset_right = 40.0
offset_bottom = 40.0

[node name="Button" type="Button" parent="Control"]
layout_mode = 0
offset_left = 25.0
offset_top = 17.0
offset_right = 177.0
offset_bottom = 83.0
text = "TEST"

[node name="GUIPanel3D" parent="." instance=ExtResource("2_msvar")]
transform = Transform3D(0.325082, 0, 0, 0, 0.480039, 0, 0, 0, 0.284267, -0.369948, -0.00270055, 0.486172)

[node name="Credits3D" parent="." instance=ExtResource("3_0uoei")]
transform = Transform3D(0.35386, 0, 0, 0, 0.38679, 0, 0, 0, 0.999999, 0.913124, 0.00509295, 0.484636)
